%YAML 1.1
%TAG !u! tag:unity3d.com,2011:
--- !u!1 &4933197531907959062
GameObject:
  m_ObjectHideFlags: 0
  m_CorrespondingSourceObject: {fileID: 0}
  m_PrefabInstance: {fileID: 0}
  m_PrefabAsset: {fileID: 0}
  serializedVersion: 6
  m_Component:
  - component: {fileID: 4933197531907959063}
  m_Layer: 0
  m_Name: Rotate
  m_TagString: Untagged
  m_Icon: {fileID: 0}
  m_NavMeshLayer: 0
  m_StaticEditorFlags: 0
  m_IsActive: 1
--- !u!4 &4933197531907959063
Transform:
  m_ObjectHideFlags: 0
  m_CorrespondingSourceObject: {fileID: 0}
  m_PrefabInstance: {fileID: 0}
  m_PrefabAsset: {fileID: 0}
  m_GameObject: {fileID: 4933197531907959062}
  m_LocalRotation: {x: 0, y: 0, z: 0, w: 1}
  m_LocalPosition: {x: 0, y: 0, z: 0}
  m_LocalScale: {x: 1, y: 1, z: 1}
  m_Children:
  - {fileID: 1234593678082225403}
  m_Father: {fileID: 4933197533417158955}
  m_RootOrder: 1
  m_LocalEulerAnglesHint: {x: 0, y: 0, z: 0}
--- !u!1 &4933197533417158954
GameObject:
  m_ObjectHideFlags: 0
  m_CorrespondingSourceObject: {fileID: 0}
  m_PrefabInstance: {fileID: 0}
  m_PrefabAsset: {fileID: 0}
  serializedVersion: 6
  m_Component:
  - component: {fileID: 4933197533417158955}
  - component: {fileID: -2545562630914427967}
  m_Layer: 0
  m_Name: I168 Memphis B
  m_TagString: Untagged
  m_Icon: {fileID: 0}
  m_NavMeshLayer: 0
  m_StaticEditorFlags: 0
  m_IsActive: 1
--- !u!4 &4933197533417158955
Transform:
  m_ObjectHideFlags: 0
  m_CorrespondingSourceObject: {fileID: 0}
  m_PrefabInstance: {fileID: 0}
  m_PrefabAsset: {fileID: 0}
  m_GameObject: {fileID: 4933197533417158954}
  m_LocalRotation: {x: 0, y: 0, z: 0, w: 1}
  m_LocalPosition: {x: -0.542, y: 0.32, z: 4.667}
  m_LocalScale: {x: 0.14781141, y: 0.14781141, z: 0.14781141}
  m_Children:
  - {fileID: 4382916957802972736}
  - {fileID: 4933197531907959063}
  m_Father: {fileID: 0}
  m_RootOrder: 0
  m_LocalEulerAnglesHint: {x: 0, y: 0, z: 0}
--- !u!114 &-2545562630914427967
MonoBehaviour:
  m_ObjectHideFlags: 0
  m_CorrespondingSourceObject: {fileID: 0}
  m_PrefabInstance: {fileID: 0}
  m_PrefabAsset: {fileID: 0}
  m_GameObject: {fileID: 4933197533417158954}
  m_Enabled: 1
  m_EditorHideFlags: 0
  m_Script: {fileID: 11500000, guid: 18284a7d607a5a5449d1f78fe2cd2a3c, type: 3}
  m_Name: 
  m_EditorClassIdentifier: 
  heroRotatePoint: {fileID: 4933197531907959063}
  heroTurnSpeed: 10
  enemyTag: Enemy
  Firepoint: {fileID: 4933197533434257033}
  UseLaser: 0
  RenderLaser: {fileID: 0}
  LaserEffect: {fileID: 0}
  LaserLight: {fileID: 0}
  bulletPrefab: {fileID: 5321501969965352932, guid: abc9f56e4b7c1cb4a9d75a95a6a3bc0d, type: 3}
  hero:
    Name: 
    HeroName: 0
    AttackType: 0
    Prefab: {fileID: 0}
    EvoPrefab: {fileID: 0}
    Evo2Prefab: {fileID: 0}
    ElementType: 0
    IsHero: 0
    IsBuilt: 0
    IsEvo: 0
    IsPreEvo: 0
    DamageOverTime: 0
    SlowPercent: 0.3
    BulletSpeed: 20
    AttackDamage: 0
    AttackSpeed: 0
    AttackRange: 0
    AoeRange: 0
    UpgradeCost: 100
    Level: 0
    HeroCostAmount: 0
  cookieAura: {fileID: 8339472744043434759, guid: 7ed997f155755a047b059ad0c69b4389, type: 3}
  candyAura: {fileID: 6025645551602517125, guid: 37f877d80b352834d84afe62e631d7db, type: 3}
--- !u!1 &4933197533434257032
GameObject:
  m_ObjectHideFlags: 0
  m_CorrespondingSourceObject: {fileID: 0}
  m_PrefabInstance: {fileID: 0}
  m_PrefabAsset: {fileID: 0}
  serializedVersion: 6
  m_Component:
  - component: {fileID: 4933197533434257033}
  m_Layer: 0
  m_Name: FirePoint
  m_TagString: Untagged
  m_Icon: {fileID: 0}
  m_NavMeshLayer: 0
  m_StaticEditorFlags: 0
  m_IsActive: 1
--- !u!4 &4933197533434257033
Transform:
  m_ObjectHideFlags: 0
  m_CorrespondingSourceObject: {fileID: 0}
  m_PrefabInstance: {fileID: 0}
  m_PrefabAsset: {fileID: 0}
  m_GameObject: {fileID: 4933197533434257032}
  m_LocalRotation: {x: -0.009569119, y: -0.7070421, z: -0.707042, w: -0.009569119}
  m_LocalPosition: {x: -0.0010397692, y: -0.00095817045, z: 0.0019839122}
  m_LocalScale: {x: 0.0017110084, y: 0.0017110087, z: 0.0017110086}
  m_Children: []
  m_Father: {fileID: 1234593678082225403}
  m_RootOrder: 0
  m_LocalEulerAnglesHint: {x: 0, y: 0, z: 0}
--- !u!1 &6080373990683093242
GameObject:
  m_ObjectHideFlags: 0
  m_CorrespondingSourceObject: {fileID: 0}
  m_PrefabInstance: {fileID: 0}
  m_PrefabAsset: {fileID: 0}
  serializedVersion: 6
  m_Component:
  - component: {fileID: 4382916957802972736}
  - component: {fileID: 4813419554668841012}
  - component: {fileID: 815816378208609086}
  m_Layer: 0
  m_Name: Cylinder.041
  m_TagString: Untagged
  m_Icon: {fileID: 0}
  m_NavMeshLayer: 0
  m_StaticEditorFlags: 0
  m_IsActive: 1
--- !u!4 &4382916957802972736
Transform:
  m_ObjectHideFlags: 0
  m_CorrespondingSourceObject: {fileID: 0}
  m_PrefabInstance: {fileID: 0}
  m_PrefabAsset: {fileID: 0}
  m_GameObject: {fileID: 6080373990683093242}
  m_LocalRotation: {x: -0.49318758, y: 0.50672096, z: 0.5067203, w: 0.49318817}
  m_LocalPosition: {x: 0, y: 0.45258817, z: 0.21442795}
  m_LocalScale: {x: 189.70557, y: 189.70557, z: 60.55574}
  m_Children: []
  m_Father: {fileID: 4933197533417158955}
  m_RootOrder: 0
  m_LocalEulerAnglesHint: {x: 0, y: 0, z: 0}
--- !u!33 &4813419554668841012
MeshFilter:
  m_ObjectHideFlags: 0
  m_CorrespondingSourceObject: {fileID: 0}
  m_PrefabInstance: {fileID: 0}
  m_PrefabAsset: {fileID: 0}
  m_GameObject: {fileID: 6080373990683093242}
  m_Mesh: {fileID: -3410944087502363961, guid: 38d4540b0d0e30a4f870d2fe04fc89e3, type: 3}
--- !u!23 &815816378208609086
MeshRenderer:
  m_ObjectHideFlags: 0
  m_CorrespondingSourceObject: {fileID: 0}
  m_PrefabInstance: {fileID: 0}
  m_PrefabAsset: {fileID: 0}
  m_GameObject: {fileID: 6080373990683093242}
  m_Enabled: 1
  m_CastShadows: 1
  m_ReceiveShadows: 1
  m_DynamicOccludee: 1
  m_MotionVectors: 1
  m_LightProbeUsage: 1
  m_ReflectionProbeUsage: 1
  m_RayTracingMode: 2
  m_RayTraceProcedural: 0
  m_RenderingLayerMask: 1
  m_RendererPriority: 0
  m_Materials:
  - {fileID: -6345779871113459368, guid: 38d4540b0d0e30a4f870d2fe04fc89e3, type: 3}
  - {fileID: -4961414458587134667, guid: 38d4540b0d0e30a4f870d2fe04fc89e3, type: 3}
  m_StaticBatchInfo:
    firstSubMesh: 0
    subMeshCount: 0
  m_StaticBatchRoot: {fileID: 0}
  m_ProbeAnchor: {fileID: 0}
  m_LightProbeVolumeOverride: {fileID: 0}
  m_ScaleInLightmap: 1
  m_ReceiveGI: 1
  m_PreserveUVs: 0
  m_IgnoreNormalsForChartDetection: 0
  m_ImportantGI: 0
  m_StitchLightmapSeams: 1
  m_SelectedEditorRenderState: 3
  m_MinimumChartSize: 4
  m_AutoUVMaxDistance: 0.5
  m_AutoUVMaxAngle: 89
  m_LightmapParameters: {fileID: 0}
  m_SortingLayerID: 0
  m_SortingLayer: 0
  m_SortingOrder: 0
  m_AdditionalVertexStreams: {fileID: 0}
--- !u!1 &6778885347495391195
GameObject:
  m_ObjectHideFlags: 0
  m_CorrespondingSourceObject: {fileID: 0}
  m_PrefabInstance: {fileID: 0}
  m_PrefabAsset: {fileID: 0}
  serializedVersion: 6
  m_Component:
  - component: {fileID: 1234593678082225403}
  - component: {fileID: 7732451193166397871}
  - component: {fileID: 7449533611050874046}
  m_Layer: 0
  m_Name: Cube.034
  m_TagString: Untagged
  m_Icon: {fileID: 0}
  m_NavMeshLayer: 0
  m_StaticEditorFlags: 0
  m_IsActive: 1
--- !u!4 &1234593678082225403
Transform:
  m_ObjectHideFlags: 0
  m_CorrespondingSourceObject: {fileID: 0}
  m_PrefabInstance: {fileID: 0}
  m_PrefabAsset: {fileID: 0}
  m_GameObject: {fileID: 6778885347495391195}
  m_LocalRotation: {x: 0.009569119, y: 0.7070421, z: 0.707042, w: -0.009569119}
  m_LocalPosition: {x: -0.5923157, y: 2.0105016, z: 1.6662445}
  m_LocalScale: {x: 584.4506, y: 584.4506, z: 584.45056}
  m_Children:
  - {fileID: 4933197533434257033}
  m_Father: {fileID: 4933197531907959063}
  m_RootOrder: 0
  m_LocalEulerAnglesHint: {x: 0, y: 0, z: 0}
--- !u!33 &7732451193166397871
MeshFilter:
  m_ObjectHideFlags: 0
  m_CorrespondingSourceObject: {fileID: 0}
  m_PrefabInstance: {fileID: 0}
  m_PrefabAsset: {fileID: 0}
  m_GameObject: {fileID: 6778885347495391195}
  m_Mesh: {fileID: -6505552537926968463, guid: 38d4540b0d0e30a4f870d2fe04fc89e3, type: 3}
--- !u!23 &7449533611050874046
MeshRenderer:
  m_ObjectHideFlags: 0
  m_CorrespondingSourceObject: {fileID: 0}
  m_PrefabInstance: {fileID: 0}
  m_PrefabAsset: {fileID: 0}
  m_GameObject: {fileID: 6778885347495391195}
  m_Enabled: 1
  m_CastShadows: 1
  m_ReceiveShadows: 1
  m_DynamicOccludee: 1
  m_MotionVectors: 1
  m_LightProbeUsage: 1
  m_ReflectionProbeUsage: 1
  m_RayTracingMode: 2
  m_RayTraceProcedural: 0
  m_RenderingLayerMask: 1
  m_RendererPriority: 0
  m_Materials:
  - {fileID: 2768710986838361614, guid: 38d4540b0d0e30a4f870d2fe04fc89e3, type: 3}
  - {fileID: 623745476747331691, guid: 38d4540b0d0e30a4f870d2fe04fc89e3, type: 3}
  - {fileID: 1690569744476464993, guid: 38d4540b0d0e30a4f870d2fe04fc89e3, type: 3}
  - {fileID: 2776971753298131601, guid: 38d4540b0d0e30a4f870d2fe04fc89e3, type: 3}
  - {fileID: -1645569006823701782, guid: 38d4540b0d0e30a4f870d2fe04fc89e3, type: 3}
  - {fileID: -4563703968715253875, guid: 38d4540b0d0e30a4f870d2fe04fc89e3, type: 3}
  - {fileID: -7090178798361611686, guid: 38d4540b0d0e30a4f870d2fe04fc89e3, type: 3}
  m_StaticBatchInfo:
    firstSubMesh: 0
    subMeshCount: 0
  m_StaticBatchRoot: {fileID: 0}
  m_ProbeAnchor: {fileID: 0}
  m_LightProbeVolumeOverride: {fileID: 0}
  m_ScaleInLightmap: 1
  m_ReceiveGI: 1
  m_PreserveUVs: 0
  m_IgnoreNormalsForChartDetection: 0
  m_ImportantGI: 0
  m_StitchLightmapSeams: 1
  m_SelectedEditorRenderState: 3
  m_MinimumChartSize: 4
  m_AutoUVMaxDistance: 0.5
  m_AutoUVMaxAngle: 89
  m_LightmapParameters: {fileID: 0}
  m_SortingLayerID: 0
  m_SortingLayer: 0
  m_SortingOrder: 0
  m_AdditionalVertexStreams: {fileID: 0}
