%YAML 1.1
%TAG !u! tag:unity3d.com,2011:
--- !u!1 &4650942539576301970
GameObject:
  m_ObjectHideFlags: 0
  m_CorrespondingSourceObject: {fileID: 0}
  m_PrefabInstance: {fileID: 0}
  m_PrefabAsset: {fileID: 0}
  serializedVersion: 6
  m_Component:
  - component: {fileID: 390019970177958617}
  - component: {fileID: 1708222105372071934}
  - component: {fileID: 1557034485674596458}
  m_Layer: 0
  m_Name: mergedBlocks3.127
  m_TagString: Untagged
  m_Icon: {fileID: 0}
  m_NavMeshLayer: 0
  m_StaticEditorFlags: 0
  m_IsActive: 1
--- !u!4 &390019970177958617
Transform:
  m_ObjectHideFlags: 0
  m_CorrespondingSourceObject: {fileID: 0}
  m_PrefabInstance: {fileID: 0}
  m_PrefabAsset: {fileID: 0}
  m_GameObject: {fileID: 4650942539576301970}
  m_LocalRotation: {x: 0.00000008146035, y: -0, z: -0, w: 1}
  m_LocalPosition: {x: 5.7179184, y: -0.062002018, z: -0.008892059}
  m_LocalScale: {x: 35.888138, y: 35.888138, z: 35.888138}
  m_Children: []
  m_Father: {fileID: 5878206654060971590}
  m_RootOrder: 0
  m_LocalEulerAnglesHint: {x: 0, y: 0, z: 0}
--- !u!33 &1708222105372071934
MeshFilter:
  m_ObjectHideFlags: 0
  m_CorrespondingSourceObject: {fileID: 0}
  m_PrefabInstance: {fileID: 0}
  m_PrefabAsset: {fileID: 0}
  m_GameObject: {fileID: 4650942539576301970}
  m_Mesh: {fileID: 247145846776880848, guid: 564dfb257d474574099eb18efce1b151, type: 3}
--- !u!23 &1557034485674596458
MeshRenderer:
  m_ObjectHideFlags: 0
  m_CorrespondingSourceObject: {fileID: 0}
  m_PrefabInstance: {fileID: 0}
  m_PrefabAsset: {fileID: 0}
  m_GameObject: {fileID: 4650942539576301970}
  m_Enabled: 1
  m_CastShadows: 1
  m_ReceiveShadows: 1
  m_DynamicOccludee: 1
  m_MotionVectors: 1
  m_LightProbeUsage: 1
  m_ReflectionProbeUsage: 1
  m_RayTracingMode: 2
  m_RayTraceProcedural: 0
  m_RenderingLayerMask: 1
  m_RendererPriority: 0
  m_Materials:
  - {fileID: 2989517864430768965, guid: 564dfb257d474574099eb18efce1b151, type: 3}
  - {fileID: 7013655984082969926, guid: 564dfb257d474574099eb18efce1b151, type: 3}
  m_StaticBatchInfo:
    firstSubMesh: 0
    subMeshCount: 0
  m_StaticBatchRoot: {fileID: 0}
  m_ProbeAnchor: {fileID: 0}
  m_LightProbeVolumeOverride: {fileID: 0}
  m_ScaleInLightmap: 1
  m_ReceiveGI: 1
  m_PreserveUVs: 0
  m_IgnoreNormalsForChartDetection: 0
  m_ImportantGI: 0
  m_StitchLightmapSeams: 1
  m_SelectedEditorRenderState: 3
  m_MinimumChartSize: 4
  m_AutoUVMaxDistance: 0.5
  m_AutoUVMaxAngle: 89
  m_LightmapParameters: {fileID: 0}
  m_SortingLayerID: 0
  m_SortingLayer: 0
  m_SortingOrder: 0
  m_AdditionalVertexStreams: {fileID: 0}
--- !u!1 &5878206653227972921
GameObject:
  m_ObjectHideFlags: 0
  m_CorrespondingSourceObject: {fileID: 0}
  m_PrefabInstance: {fileID: 0}
  m_PrefabAsset: {fileID: 0}
  serializedVersion: 6
  m_Component:
  - component: {fileID: 5878206653227972918}
  m_Layer: 0
  m_Name: FirePoint
  m_TagString: Untagged
  m_Icon: {fileID: 0}
  m_NavMeshLayer: 0
  m_StaticEditorFlags: 0
  m_IsActive: 1
--- !u!4 &5878206653227972918
Transform:
  m_ObjectHideFlags: 0
  m_CorrespondingSourceObject: {fileID: 0}
  m_PrefabInstance: {fileID: 0}
  m_PrefabAsset: {fileID: 0}
  m_GameObject: {fileID: 5878206653227972921}
  m_LocalRotation: {x: -0.00000008146035, y: -0, z: -0, w: 1}
  m_LocalPosition: {x: -0.16185169, y: 0.059960857, z: 0.07991201}
  m_LocalScale: {x: 0.027864361, y: 0.027864361, z: 0.027864361}
  m_Children: []
  m_Father: {fileID: 8346075934510209595}
  m_RootOrder: 0
  m_LocalEulerAnglesHint: {x: 0, y: 0, z: 0}
--- !u!1 &5878206653531885984
GameObject:
  m_ObjectHideFlags: 0
  m_CorrespondingSourceObject: {fileID: 0}
  m_PrefabInstance: {fileID: 0}
  m_PrefabAsset: {fileID: 0}
  serializedVersion: 6
  m_Component:
  - component: {fileID: 5878206653531885985}
  m_Layer: 0
  m_Name: Rotate
  m_TagString: Untagged
  m_Icon: {fileID: 0}
  m_NavMeshLayer: 0
  m_StaticEditorFlags: 0
  m_IsActive: 1
--- !u!4 &5878206653531885985
Transform:
  m_ObjectHideFlags: 0
  m_CorrespondingSourceObject: {fileID: 0}
  m_PrefabInstance: {fileID: 0}
  m_PrefabAsset: {fileID: 0}
  m_GameObject: {fileID: 5878206653531885984}
  m_LocalRotation: {x: 0, y: 0, z: 0, w: 1}
  m_LocalPosition: {x: 0, y: 0, z: 0}
  m_LocalScale: {x: 1, y: 1, z: 1}
  m_Children:
  - {fileID: 8346075934510209595}
  m_Father: {fileID: 5878206654060971590}
  m_RootOrder: 1
  m_LocalEulerAnglesHint: {x: 0, y: 0, z: 0}
--- !u!1 &5878206654060971593
GameObject:
  m_ObjectHideFlags: 0
  m_CorrespondingSourceObject: {fileID: 0}
  m_PrefabInstance: {fileID: 0}
  m_PrefabAsset: {fileID: 0}
  serializedVersion: 6
  m_Component:
  - component: {fileID: 5878206654060971590}
  - component: {fileID: 4368584530943724660}
  m_Layer: 0
  m_Name: Z46 Genesis A
  m_TagString: Untagged
  m_Icon: {fileID: 0}
  m_NavMeshLayer: 0
  m_StaticEditorFlags: 0
  m_IsActive: 1
--- !u!4 &5878206654060971590
Transform:
  m_ObjectHideFlags: 0
  m_CorrespondingSourceObject: {fileID: 0}
  m_PrefabInstance: {fileID: 0}
  m_PrefabAsset: {fileID: 0}
  m_GameObject: {fileID: 5878206654060971593}
  m_LocalRotation: {x: 0, y: 0, z: 0, w: 1}
  m_LocalPosition: {x: -0.553, y: 0.338, z: 5.691}
  m_LocalScale: {x: 0.19659857, y: 0.19659857, z: 0.19659857}
  m_Children:
  - {fileID: 390019970177958617}
  - {fileID: 5878206653531885985}
  m_Father: {fileID: 0}
  m_RootOrder: 0
  m_LocalEulerAnglesHint: {x: 0, y: 0, z: 0}
--- !u!114 &4368584530943724660
MonoBehaviour:
  m_ObjectHideFlags: 0
  m_CorrespondingSourceObject: {fileID: 0}
  m_PrefabInstance: {fileID: 0}
  m_PrefabAsset: {fileID: 0}
  m_GameObject: {fileID: 5878206654060971593}
  m_Enabled: 1
  m_EditorHideFlags: 0
  m_Script: {fileID: 11500000, guid: 18284a7d607a5a5449d1f78fe2cd2a3c, type: 3}
  m_Name: 
  m_EditorClassIdentifier: 
  heroRotatePoint: {fileID: 5878206653531885985}
  heroTurnSpeed: 10
  enemyTag: Enemy
  Firepoint: {fileID: 5878206653227972918}
  UseLaser: 0
  RenderLaser: {fileID: 0}
  LaserEffect: {fileID: 0}
  LaserLight: {fileID: 0}
  bulletPrefab: {fileID: 7244982163869057791, guid: b71530cfb940a6543935fd00ffac4f12, type: 3}
  hero:
    Name: 
    HeroName: 0
    AttackType: 0
    Prefab: {fileID: 0}
    EvoPrefab: {fileID: 0}
    Evo2Prefab: {fileID: 0}
    ElementType: 0
    IsHero: 0
    IsBuilt: 0
    IsEvo: 0
    IsPreEvo: 0
    DamageOverTime: 0
    SlowPercent: 0.3
    BulletSpeed: 20
    AttackDamage: 0
    AttackSpeed: 0
    AttackRange: 0
    AoeRange: 0
    UpgradeCost: 100
    Level: 0
    HeroCostAmount: 0
  cookieAura: {fileID: 8339472744043434759, guid: 7ed997f155755a047b059ad0c69b4389, type: 3}
  candyAura: {fileID: 6025645551602517125, guid: 37f877d80b352834d84afe62e631d7db, type: 3}
--- !u!1 &8349878167983969408
GameObject:
  m_ObjectHideFlags: 0
  m_CorrespondingSourceObject: {fileID: 0}
  m_PrefabInstance: {fileID: 0}
  m_PrefabAsset: {fileID: 0}
  serializedVersion: 6
  m_Component:
  - component: {fileID: 8346075934510209595}
  - component: {fileID: 7146279565826504770}
  - component: {fileID: 8394741604589129776}
  m_Layer: 0
  m_Name: mergedBlocks3.303
  m_TagString: Untagged
  m_Icon: {fileID: 0}
  m_NavMeshLayer: 0
  m_StaticEditorFlags: 0
  m_IsActive: 1
--- !u!4 &8346075934510209595
Transform:
  m_ObjectHideFlags: 0
  m_CorrespondingSourceObject: {fileID: 0}
  m_PrefabInstance: {fileID: 0}
  m_PrefabAsset: {fileID: 0}
  m_GameObject: {fileID: 8349878167983969408}
  m_LocalRotation: {x: 0.00000008146035, y: -0, z: -0, w: 1}
  m_LocalPosition: {x: 5.8085556, y: -0.061882973, z: -0.008892059}
  m_LocalScale: {x: 35.888138, y: 35.888138, z: 35.888138}
  m_Children:
  - {fileID: 5878206653227972918}
  m_Father: {fileID: 5878206653531885985}
  m_RootOrder: 0
  m_LocalEulerAnglesHint: {x: 0, y: 0, z: 0}
--- !u!33 &7146279565826504770
MeshFilter:
  m_ObjectHideFlags: 0
  m_CorrespondingSourceObject: {fileID: 0}
  m_PrefabInstance: {fileID: 0}
  m_PrefabAsset: {fileID: 0}
  m_GameObject: {fileID: 8349878167983969408}
  m_Mesh: {fileID: 5591647384427486238, guid: 564dfb257d474574099eb18efce1b151, type: 3}
--- !u!23 &8394741604589129776
MeshRenderer:
  m_ObjectHideFlags: 0
  m_CorrespondingSourceObject: {fileID: 0}
  m_PrefabInstance: {fileID: 0}
  m_PrefabAsset: {fileID: 0}
  m_GameObject: {fileID: 8349878167983969408}
  m_Enabled: 1
  m_CastShadows: 1
  m_ReceiveShadows: 1
  m_DynamicOccludee: 1
  m_MotionVectors: 1
  m_LightProbeUsage: 1
  m_ReflectionProbeUsage: 1
  m_RayTracingMode: 2
  m_RayTraceProcedural: 0
  m_RenderingLayerMask: 1
  m_RendererPriority: 0
  m_Materials:
  - {fileID: 7013655984082969926, guid: 564dfb257d474574099eb18efce1b151, type: 3}
  - {fileID: -8046275523984926159, guid: 564dfb257d474574099eb18efce1b151, type: 3}
  - {fileID: 2989517864430768965, guid: 564dfb257d474574099eb18efce1b151, type: 3}
  - {fileID: -951720642154281844, guid: 564dfb257d474574099eb18efce1b151, type: 3}
  m_StaticBatchInfo:
    firstSubMesh: 0
    subMeshCount: 0
  m_StaticBatchRoot: {fileID: 0}
  m_ProbeAnchor: {fileID: 0}
  m_LightProbeVolumeOverride: {fileID: 0}
  m_ScaleInLightmap: 1
  m_ReceiveGI: 1
  m_PreserveUVs: 0
  m_IgnoreNormalsForChartDetection: 0
  m_ImportantGI: 0
  m_StitchLightmapSeams: 1
  m_SelectedEditorRenderState: 3
  m_MinimumChartSize: 4
  m_AutoUVMaxDistance: 0.5
  m_AutoUVMaxAngle: 89
  m_LightmapParameters: {fileID: 0}
  m_SortingLayerID: 0
  m_SortingLayer: 0
  m_SortingOrder: 0
  m_AdditionalVertexStreams: {fileID: 0}
