%YAML 1.1
%TAG !u! tag:unity3d.com,2011:
--- !u!1 &101243946161863435
GameObject:
  m_ObjectHideFlags: 0
  m_CorrespondingSourceObject: {fileID: 0}
  m_PrefabInstance: {fileID: 0}
  m_PrefabAsset: {fileID: 0}
  serializedVersion: 6
  m_Component:
  - component: {fileID: 3081364241505241321}
  - component: {fileID: 5640617039675771433}
  - component: {fileID: 1540545834286609026}
  m_Layer: 0
  m_Name: Cylinder.001
  m_TagString: Untagged
  m_Icon: {fileID: 0}
  m_NavMeshLayer: 0
  m_StaticEditorFlags: 0
  m_IsActive: 1
--- !u!4 &3081364241505241321
Transform:
  m_ObjectHideFlags: 0
  m_CorrespondingSourceObject: {fileID: 0}
  m_PrefabInstance: {fileID: 0}
  m_PrefabAsset: {fileID: 0}
  m_GameObject: {fileID: 101243946161863435}
  m_LocalRotation: {x: -0.008621989, y: 0.7070542, z: 0.70705426, w: 0.008621989}
  m_LocalPosition: {x: -0.053434372, y: 0.5228832, z: 0.03042221}
  m_LocalScale: {x: 154.69928, y: 154.69928, z: 60.908405}
  m_Children: []
  m_Father: {fileID: 5791537472220013549}
  m_RootOrder: 0
  m_LocalEulerAnglesHint: {x: 0, y: 0, z: 0}
--- !u!33 &5640617039675771433
MeshFilter:
  m_ObjectHideFlags: 0
  m_CorrespondingSourceObject: {fileID: 0}
  m_PrefabInstance: {fileID: 0}
  m_PrefabAsset: {fileID: 0}
  m_GameObject: {fileID: 101243946161863435}
  m_Mesh: {fileID: -7387706064836869012, guid: 9c9214db6151a5347967c4552887b8b4, type: 3}
--- !u!23 &1540545834286609026
MeshRenderer:
  m_ObjectHideFlags: 0
  m_CorrespondingSourceObject: {fileID: 0}
  m_PrefabInstance: {fileID: 0}
  m_PrefabAsset: {fileID: 0}
  m_GameObject: {fileID: 101243946161863435}
  m_Enabled: 1
  m_CastShadows: 1
  m_ReceiveShadows: 1
  m_DynamicOccludee: 1
  m_MotionVectors: 1
  m_LightProbeUsage: 1
  m_ReflectionProbeUsage: 1
  m_RayTracingMode: 2
  m_RayTraceProcedural: 0
  m_RenderingLayerMask: 1
  m_RendererPriority: 0
  m_Materials:
  - {fileID: -8643499954346795629, guid: 9c9214db6151a5347967c4552887b8b4, type: 3}
  - {fileID: 5144808436769906462, guid: 9c9214db6151a5347967c4552887b8b4, type: 3}
  m_StaticBatchInfo:
    firstSubMesh: 0
    subMeshCount: 0
  m_StaticBatchRoot: {fileID: 0}
  m_ProbeAnchor: {fileID: 0}
  m_LightProbeVolumeOverride: {fileID: 0}
  m_ScaleInLightmap: 1
  m_ReceiveGI: 1
  m_PreserveUVs: 0
  m_IgnoreNormalsForChartDetection: 0
  m_ImportantGI: 0
  m_StitchLightmapSeams: 1
  m_SelectedEditorRenderState: 3
  m_MinimumChartSize: 4
  m_AutoUVMaxDistance: 0.5
  m_AutoUVMaxAngle: 89
  m_LightmapParameters: {fileID: 0}
  m_SortingLayerID: 0
  m_SortingLayer: 0
  m_SortingOrder: 0
  m_AdditionalVertexStreams: {fileID: 0}
--- !u!1 &255693401662184413
GameObject:
  m_ObjectHideFlags: 0
  m_CorrespondingSourceObject: {fileID: 0}
  m_PrefabInstance: {fileID: 0}
  m_PrefabAsset: {fileID: 0}
  serializedVersion: 6
  m_Component:
  - component: {fileID: 4149433520906082817}
  - component: {fileID: 6811330771522876904}
  - component: {fileID: 132247450158923253}
  m_Layer: 0
  m_Name: Cube.002
  m_TagString: Untagged
  m_Icon: {fileID: 0}
  m_NavMeshLayer: 0
  m_StaticEditorFlags: 0
  m_IsActive: 1
--- !u!4 &4149433520906082817
Transform:
  m_ObjectHideFlags: 0
  m_CorrespondingSourceObject: {fileID: 0}
  m_PrefabInstance: {fileID: 0}
  m_PrefabAsset: {fileID: 0}
  m_GameObject: {fileID: 255693401662184413}
  m_LocalRotation: {x: -0.008621989, y: 0.7070542, z: 0.70705426, w: 0.008621989}
  m_LocalPosition: {x: -0.05173111, y: 1.3098497, z: 0.024089813}
  m_LocalScale: {x: 166.01984, y: 166.01984, z: 166.01985}
  m_Children:
  - {fileID: 3354183783578856453}
  m_Father: {fileID: 1456564236374772686}
  m_RootOrder: 0
  m_LocalEulerAnglesHint: {x: 0, y: 0, z: 0}
--- !u!33 &6811330771522876904
MeshFilter:
  m_ObjectHideFlags: 0
  m_CorrespondingSourceObject: {fileID: 0}
  m_PrefabInstance: {fileID: 0}
  m_PrefabAsset: {fileID: 0}
  m_GameObject: {fileID: 255693401662184413}
  m_Mesh: {fileID: -1550514412580984892, guid: 9c9214db6151a5347967c4552887b8b4, type: 3}
--- !u!23 &132247450158923253
MeshRenderer:
  m_ObjectHideFlags: 0
  m_CorrespondingSourceObject: {fileID: 0}
  m_PrefabInstance: {fileID: 0}
  m_PrefabAsset: {fileID: 0}
  m_GameObject: {fileID: 255693401662184413}
  m_Enabled: 1
  m_CastShadows: 1
  m_ReceiveShadows: 1
  m_DynamicOccludee: 1
  m_MotionVectors: 1
  m_LightProbeUsage: 1
  m_ReflectionProbeUsage: 1
  m_RayTracingMode: 2
  m_RayTraceProcedural: 0
  m_RenderingLayerMask: 1
  m_RendererPriority: 0
  m_Materials:
  - {fileID: -7508589265227355768, guid: 9c9214db6151a5347967c4552887b8b4, type: 3}
  - {fileID: -8817873948668089798, guid: 9c9214db6151a5347967c4552887b8b4, type: 3}
  - {fileID: -2498783862041265015, guid: 9c9214db6151a5347967c4552887b8b4, type: 3}
  - {fileID: -4398407367877291108, guid: 9c9214db6151a5347967c4552887b8b4, type: 3}
  - {fileID: -2355886754384843360, guid: 9c9214db6151a5347967c4552887b8b4, type: 3}
  - {fileID: 6770018446372013055, guid: 9c9214db6151a5347967c4552887b8b4, type: 3}
  m_StaticBatchInfo:
    firstSubMesh: 0
    subMeshCount: 0
  m_StaticBatchRoot: {fileID: 0}
  m_ProbeAnchor: {fileID: 0}
  m_LightProbeVolumeOverride: {fileID: 0}
  m_ScaleInLightmap: 1
  m_ReceiveGI: 1
  m_PreserveUVs: 0
  m_IgnoreNormalsForChartDetection: 0
  m_ImportantGI: 0
  m_StitchLightmapSeams: 1
  m_SelectedEditorRenderState: 3
  m_MinimumChartSize: 4
  m_AutoUVMaxDistance: 0.5
  m_AutoUVMaxAngle: 89
  m_LightmapParameters: {fileID: 0}
  m_SortingLayerID: 0
  m_SortingLayer: 0
  m_SortingOrder: 0
  m_AdditionalVertexStreams: {fileID: 0}
--- !u!1 &3379100367556131302
GameObject:
  m_ObjectHideFlags: 0
  m_CorrespondingSourceObject: {fileID: 0}
  m_PrefabInstance: {fileID: 0}
  m_PrefabAsset: {fileID: 0}
  serializedVersion: 6
  m_Component:
  - component: {fileID: 3354183783578856453}
  m_Layer: 0
  m_Name: FirePoint
  m_TagString: Untagged
  m_Icon: {fileID: 0}
  m_NavMeshLayer: 0
  m_StaticEditorFlags: 0
  m_IsActive: 1
--- !u!4 &3354183783578856453
Transform:
  m_ObjectHideFlags: 0
  m_CorrespondingSourceObject: {fileID: 0}
  m_PrefabInstance: {fileID: 0}
  m_PrefabAsset: {fileID: 0}
  m_GameObject: {fileID: 3379100367556131302}
  m_LocalRotation: {x: 0, y: 0, z: 0, w: 1}
  m_LocalPosition: {x: 0, y: 0.00969, z: 0.00209}
  m_LocalScale: {x: 1, y: 1, z: 1}
  m_Children: []
  m_Father: {fileID: 4149433520906082817}
  m_RootOrder: 0
  m_LocalEulerAnglesHint: {x: 0, y: 0, z: 0}
--- !u!1 &5791537472220013548
GameObject:
  m_ObjectHideFlags: 0
  m_CorrespondingSourceObject: {fileID: 0}
  m_PrefabInstance: {fileID: 0}
  m_PrefabAsset: {fileID: 0}
  serializedVersion: 6
  m_Component:
  - component: {fileID: 5791537472220013549}
  - component: {fileID: 5388883573346026677}
  m_Layer: 0
  m_Name: F81 Hermes A
  m_TagString: Untagged
  m_Icon: {fileID: 0}
  m_NavMeshLayer: 0
  m_StaticEditorFlags: 0
  m_IsActive: 1
--- !u!4 &5791537472220013549
Transform:
  m_ObjectHideFlags: 0
  m_CorrespondingSourceObject: {fileID: 0}
  m_PrefabInstance: {fileID: 0}
  m_PrefabAsset: {fileID: 0}
  m_GameObject: {fileID: 5791537472220013548}
  m_LocalRotation: {x: 0, y: 0, z: 0, w: 1}
  m_LocalPosition: {x: -0.55, y: 0.328, z: 0.75}
  m_LocalScale: {x: 0.15295799, y: 0.15295799, z: 0.15295799}
  m_Children:
  - {fileID: 3081364241505241321}
  - {fileID: 1456564236374772686}
  m_Father: {fileID: 0}
  m_RootOrder: 0
  m_LocalEulerAnglesHint: {x: 0, y: 0, z: 0}
--- !u!114 &5388883573346026677
MonoBehaviour:
  m_ObjectHideFlags: 0
  m_CorrespondingSourceObject: {fileID: 0}
  m_PrefabInstance: {fileID: 0}
  m_PrefabAsset: {fileID: 0}
  m_GameObject: {fileID: 5791537472220013548}
  m_Enabled: 1
  m_EditorHideFlags: 0
  m_Script: {fileID: 11500000, guid: 18284a7d607a5a5449d1f78fe2cd2a3c, type: 3}
  m_Name: 
  m_EditorClassIdentifier: 
  heroRotatePoint: {fileID: 1456564236374772686}
  heroTurnSpeed: 10
  enemyTag: Enemy
  Firepoint: {fileID: 3354183783578856453}
  UseLaser: 0
  RenderLaser: {fileID: 0}
  LaserEffect: {fileID: 0}
  LaserLight: {fileID: 0}
  bulletPrefab: {fileID: 5321501969965352932, guid: 214232b8e4d915046b3d9bd616b5e6ed, type: 3}
  hero:
    Name: 
    HeroName: 0
    AttackType: 0
    Prefab: {fileID: 0}
    EvoPrefab: {fileID: 0}
    Evo2Prefab: {fileID: 0}
    ElementType: 0
    IsHero: 0
    IsBuilt: 0
    IsEvo: 0
    IsPreEvo: 0
    DamageOverTime: 0
    SlowPercent: 0.3
    BulletSpeed: 20
    AttackDamage: 0
    AttackSpeed: 0
    AttackRange: 0
    AoeRange: 0
    UpgradeCost: 100
    Level: 0
    HeroCostAmount: 0
  cookieAura: {fileID: 8339472744043434759, guid: 7ed997f155755a047b059ad0c69b4389, type: 3}
  candyAura: {fileID: 6025645551602517125, guid: 37f877d80b352834d84afe62e631d7db, type: 3}
--- !u!1 &8254596956976273499
GameObject:
  m_ObjectHideFlags: 0
  m_CorrespondingSourceObject: {fileID: 0}
  m_PrefabInstance: {fileID: 0}
  m_PrefabAsset: {fileID: 0}
  serializedVersion: 6
  m_Component:
  - component: {fileID: 1456564236374772686}
  m_Layer: 0
  m_Name: Rotate
  m_TagString: Untagged
  m_Icon: {fileID: 0}
  m_NavMeshLayer: 0
  m_StaticEditorFlags: 0
  m_IsActive: 1
--- !u!4 &1456564236374772686
Transform:
  m_ObjectHideFlags: 0
  m_CorrespondingSourceObject: {fileID: 0}
  m_PrefabInstance: {fileID: 0}
  m_PrefabAsset: {fileID: 0}
  m_GameObject: {fileID: 8254596956976273499}
  m_LocalRotation: {x: 0, y: 0, z: 0, w: 1}
  m_LocalPosition: {x: 0, y: 0, z: 0}
  m_LocalScale: {x: 1, y: 1, z: 1}
  m_Children:
  - {fileID: 4149433520906082817}
  m_Father: {fileID: 5791537472220013549}
  m_RootOrder: 1
  m_LocalEulerAnglesHint: {x: 0, y: 0, z: 0}
